<record xmlns="http://www.loc.gov/MARC21/slim">
   <leader>03168nam a2200373 i 4500</leader>
   <controlfield tag="001">6748965</controlfield>
   <controlfield tag="003">FlBoTFG</controlfield>
   <controlfield tag="005">20141121161956.0</controlfield>
   <controlfield tag="006">m|||||o||d||||||||</controlfield>
   <controlfield tag="007">cr||||</controlfield>
   <controlfield tag="008">141121t20152015flua    ob    001 0 eng d</controlfield>
   <datafield ind1=" " ind2=" " tag="020">
      <subfield code="a">9781482225198 (e-book : PDF)</subfield>
   </datafield>
   <datafield ind1=" " ind2=" " tag="035">
      <subfield code="a">ocn897459287</subfield>
   </datafield>
   <datafield ind1=" " ind2=" " tag="039">
      <subfield code="a">exclude</subfield>
   </datafield>
   <datafield ind1=" " ind2=" " tag="040">
      <subfield code="a">FlBoTFG</subfield>
      <subfield code="b">eng</subfield>
      <subfield code="c">FlBoTFG</subfield>
      <subfield code="e">rda</subfield>
      <subfield code="d">AEU</subfield>
   </datafield>
   <datafield ind1=" " ind2="4" tag="050">
      <subfield code="a">RM666.O6</subfield>
      <subfield code="b">K73 2015</subfield>
   </datafield>
   <datafield ind1=" " ind2=" " tag="090">
      <subfield code="a">Internet Access</subfield>
      <subfield code="b">AEU</subfield>
   </datafield>
   <datafield ind1="0" ind2="0" tag="245">
      <subfield code="a">Kratom and other mitragynines :</subfield>
      <subfield code="b">the chemistry and pharmacology of opioids from a non-opium source /</subfield>
      <subfield code="c">edited by Robert B. Raffa ; assistant editors, Jaclyn R. Beckett, Vivek N. Brahmbhatt, Theresa M. Ebinger, Chrisjon A. Fabian, Justin R. Nixon, Steven T. Orlando, Chintan A. Rana, Ali H. Tejani and Robert J. Tomazic.</subfield>
   </datafield>
   <datafield ind1=" " ind2="1" tag="264">
      <subfield code="a">Boca Raton :</subfield>
      <subfield code="b">Taylor &amp; Francis,</subfield>
      <subfield code="c">[2015]</subfield>
   </datafield>
   <datafield ind1=" " ind2="4" tag="264">
      <subfield code="c">©2015</subfield>
   </datafield>
   <datafield ind1=" " ind2=" " tag="300">
      <subfield code="a">1 online resource.</subfield>
   </datafield>
   <datafield ind1=" " ind2=" " tag="336">
      <subfield code="a">text</subfield>
      <subfield code="2">rdacontent</subfield>
   </datafield>
   <datafield ind1=" " ind2=" " tag="337">
      <subfield code="a">computer</subfield>
      <subfield code="2">rdamedia</subfield>
   </datafield>
   <datafield ind1=" " ind2=" " tag="338">
      <subfield code="a">online resource</subfield>
      <subfield code="2">rdacarrier</subfield>
   </datafield>
   <datafield ind1=" " ind2=" " tag="504">
      <subfield code="a">Includes bibliographical references and index.</subfield>
   </datafield>
   <datafield ind1="0" ind2=" " tag="505">
      <subfield code="a">Why do plants contain biologically active compounds? / Oné R. Pagán -- Short overview of mitragynines / Robert B. Raffa [and nine others] -- Psychopharmacological indole alkaloids from terrestrial plants / Allan Patrick G. Macabeo -- Salvinorin A : example of a non-alkaloidal bioactive opioid from a plant source / Jordan K. Zjawiony -- The botany of Mitragyna speciosa (Korth.) Havil. and related species / Sasha W. Eisenman -- Phytochemistry of Mitragyna speciosa / Vedanjali Gogineni [and four others] -- Chemistry of mitragynines : a brief introduction / Robert B. Raffa -- Chemistry of Mitragyna alkaloids / Mariko Kitajima and Hiromitsu Takayama -- Medicinal chemistry based on mitragynine / Hiromitsu Takayama and Mariko Kitajima -- Chemical structures of opioids / Robert B. Raffa -- The detection of mitragynine and its analogs / Ruri Kikura-Hanajiri -- The ADME of mitragynine and analogs / Annette Cronin, Ines A. Ackerman, and Jochen Beyer -- Analgesic effects of mitragynine and analogs / Kenjiro Matsumoto and Syunji Horie -- Non-analgesic CNS effects / Jaclyn R. Beckett, Justin R. Nixon and Ali H. Tejani -- Other opioid-associated endpoints / Steven T. Orlando and Vivek N. Brahmbhatt -- The kratom experience from firsthand reports / Earth Erowid and Fire Erowid -- The toxicology of indole alkaloids / Jennifer L. Ingram-Ross -- Opioid-induced adverse effects and toxicity / Joseph V. Pergolizzi, Jr. -- Toxicology of mitragynine and analogs / Surash Ramanathan and Sharif M. Mansor -- The use of animal models to measure tolerance, dependence, and abuse potential / Scott M. Rawls -- Kratom : the epidemiology, use and abuse, addiction potential, and legal status / Zoriah Aziz.</subfield>
   </datafield>
   <datafield ind1=" " ind2=" " tag="596">
      <subfield code="a">44</subfield>
   </datafield>
   <datafield ind1=" " ind2="0" tag="650">
      <subfield code="a">Opioids.</subfield>
   </datafield>
   <datafield ind1=" " ind2="0" tag="650">
      <subfield code="a">Analgesics.</subfield>
   </datafield>
   <datafield ind1=" " ind2="0" tag="650">
      <subfield code="a">Pharmacology.</subfield>
   </datafield>
   <datafield ind1="1" ind2=" " tag="700">
      <subfield code="a">Raffa, Robert B.,</subfield>
      <subfield code="e">editor.</subfield>
   </datafield>
   <datafield ind1="4" ind2="0" tag="856">
      <subfield code="3">University of Alberta Access</subfield>
      <subfield code="u">http://marc.crcnetbase.com/isbn/9781482225198</subfield>
      <subfield code="z">(Unlimited Concurrent Users)</subfield>
   </datafield>
   <datafield ind1=" " ind2=" " tag="949">
      <subfield code="h">UAIN</subfield>
      <subfield code="z">CRC</subfield>
   </datafield>
   <datafield ind1=" " ind2=" " tag="926">
      <subfield code="a">Internet Access</subfield>
      <subfield code="w">LC</subfield>
      <subfield code="c">1</subfield>
      <subfield code="i">6748965-1001</subfield>
      <subfield code="l">INTERNET</subfield>
      <subfield code="m">UAINTERNET</subfield>
      <subfield code="r">Y</subfield>
      <subfield code="s">Y</subfield>
      <subfield code="t">E-RESOURCE</subfield>
      <subfield code="u">12/2/2014</subfield>
      <subfield code="x">E-BOOK</subfield>
      <subfield code="z">CRC</subfield>
   </datafield>
</record>
